<record><leader>00000cas a2200000 a 4500</leader><controlfield tag="001">25270732</controlfield><controlfield tag="008">920213d193u194uncuuu ne      0   a0eng d</controlfield><datafield ind1=" " ind2=" " tag="010"><subfield code="a">sn 93065754 </subfield></datafield><datafield ind1=" " ind2=" " tag="040"><subfield code="a">NOC</subfield><subfield code="b">eng</subfield><subfield code="c">NOC</subfield><subfield code="d">NVJ</subfield><subfield code="d">OCL</subfield><subfield code="d">OCLCQ</subfield></datafield><datafield ind1=" " ind2=" " tag="042"><subfield code="a">msc</subfield></datafield><datafield ind1="0" ind2="0" tag="245"><subfield code="a">Forsyth liberal.</subfield></datafield><datafield ind1=" " ind2=" " tag="260"><subfield code="a">Kernersville, N.C. :</subfield><subfield code="b">Paul Swanson.</subfield></datafield><datafield ind1=" " ind2=" " tag="300"><subfield code="a">v. :</subfield><subfield code="b">ill. ;</subfield><subfield code="c">36-42 cm.</subfield></datafield><datafield ind1=" " ind2=" " tag="500"><subfield code="a">Published in Winston-Salem, N.C., &lt;Jan. 5, 1940&gt;-</subfield></datafield><datafield ind1=" " ind2=" " tag="588"><subfield code="a">Description based on: Aug. 4, 1939.</subfield></datafield><datafield ind1="1" ind2=" " tag="700"><subfield code="a">Swanson, Paul.</subfield></datafield><datafield ind1=" " ind2=" " tag="752"><subfield code="a">United States</subfield><subfield code="b">North Carolina</subfield><subfield code="c">Forsyth</subfield><subfield code="d">Winston-Salem.</subfield></datafield><datafield ind1=" " ind2=" " tag="752"><subfield code="a">United States</subfield><subfield code="b">North Carolina</subfield><subfield code="c">Forsyth</subfield><subfield code="d">Kernersville.</subfield></datafield></record>